{
  "ticker": "TSLA",
  "cik": "0001318605",
  "source": "sec_companyfacts",
  "schema_version": 4,
  "fetched_at": "2026-02-13T16:33:20.957967",
  "periods": {
    "2011_Q2": {
      "revenue": 58171000.0,
      "net_income": -58903000.0,
      "gross_profit": 18508000.0,
      "operating_income": -58739000.0,
      "operating_expenses": 77247000.0,
      "sga_expenses": 24716000.0,
      "research_and_development": 52531000.0,
      "operating_cash_flow": -65785000.0,
      "capital_expenditure": 74790000.0,
      "cash_and_marketable_securities": 319380000.0,
      "free_cash_flow": -140575000.0
    },
    "2011_Q3": {
      "revenue": 57666000.0,
      "net_income": -65078000.0,
      "gross_profit": 17224000.0,
      "operating_income": -64477000.0,
      "operating_expenses": 81701000.0,
      "sga_expenses": 27618000.0,
      "research_and_development": 54083000.0,
      "operating_cash_flow": -87276000.0,
      "capital_expenditure": 143634000.0,
      "cash_and_marketable_securities": 213328000.0,
      "free_cash_flow": -230910000.0
    },
    "2012_Q1": {
      "revenue": 30167000.0,
      "net_income": -89873000.0,
      "gross_profit": 10210000.0,
      "operating_income": -88763000.0,
      "operating_expenses": 98973000.0,
      "sga_expenses": 30582000.0,
      "research_and_development": 68391000.0,
      "operating_cash_flow": -50087000.0,
      "capital_expenditure": 67987000.0,
      "cash_and_marketable_securities": 243600000.0,
      "free_cash_flow": -118074000.0
    },
    "2012_Q2": {
      "revenue": 26653000.0,
      "net_income": -105603000.0,
      "gross_profit": 4762000.0,
      "operating_income": -106175000.0,
      "operating_expenses": 110937000.0,
      "sga_expenses": 36083000.0,
      "research_and_development": 74854000.0,
      "operating_cash_flow": -111068000.0,
      "capital_expenditure": 129273000.0,
      "cash_and_marketable_securities": 210554000.0,
      "free_cash_flow": -240341000.0
    },
    "2012_Q3": {
      "revenue": 50104000.0,
      "net_income": -110804000.0,
      "gross_profit": -8761000.0,
      "operating_income": -108460000.0,
      "operating_expenses": 99699000.0,
      "sga_expenses": 37798000.0,
      "research_and_development": 61901000.0,
      "operating_cash_flow": -206020000.0,
      "capital_expenditure": 197745000.0,
      "cash_and_marketable_securities": 85693000.0,
      "free_cash_flow": -403765000.0
    },
    "2013_Q1": {
      "revenue": 561792000.0,
      "net_income": 11248000.0,
      "gross_profit": 96320000.0,
      "operating_income": -5584000.0,
      "eps_basic": 0.1,
      "eps_diluted": 0.0,
      "operating_expenses": 101904000.0,
      "sga_expenses": 47045000.0,
      "research_and_development": 54859000.0,
      "operating_cash_flow": 64079000.0,
      "capital_expenditure": 57727000.0,
      "cash_and_marketable_securities": 214417000.0,
      "free_cash_flow": 6352000.0
    },
    "2013_Q2": {
      "revenue": 405139000.0,
      "net_income": -30502000.0,
      "gross_profit": 100483000.0,
      "operating_income": -11792000.0,
      "operating_expenses": 112275000.0,
      "sga_expenses": 59963000.0,
      "research_and_development": 52312000.0,
      "operating_cash_flow": 25886000.0,
      "capital_expenditure": 98242000.0,
      "cash_and_marketable_securities": 746057000.0,
      "free_cash_flow": -72356000.0
    },
    "2013_Q3": {
      "revenue": 431346000.0,
      "net_income": -38496000.0,
      "gross_profit": 102868000.0,
      "operating_income": -30554000.0,
      "operating_expenses": 133422000.0,
      "sga_expenses": 77071000.0,
      "research_and_development": 56351000.0,
      "operating_cash_flow": 128232000.0,
      "capital_expenditure": 174790000.0,
      "cash_and_marketable_securities": 795116000.0,
      "free_cash_flow": -46558000.0
    },
    "2014_Q1": {
      "revenue": 620542000.0,
      "net_income": -49800000.0,
      "gross_profit": 155128000.0,
      "operating_income": -43967000.0,
      "eps_basic": -0.4,
      "eps_diluted": -0.4,
      "operating_expenses": 199095000.0,
      "sga_expenses": 117551000.0,
      "research_and_development": 81544000.0,
      "operating_cash_flow": 60640000.0,
      "capital_expenditure": 141364000.0,
      "cash_and_marketable_securities": 2393908000.0,
      "free_cash_flow": -80724000.0
    },
    "2014_Q2": {
      "revenue": 769349000.0,
      "net_income": -61900000.0,
      "gross_profit": 212995000.0,
      "operating_income": -28753000.0,
      "operating_expenses": 241748000.0,
      "sga_expenses": 134031000.0,
      "research_and_development": 107717000.0,
      "capital_expenditure": 317049000.0,
      "cash_and_marketable_securities": 2674910000.0
    },
    "2014_Q3": {
      "revenue": 851804000.0,
      "net_income": -74708000.0,
      "gross_profit": 251851000.0,
      "operating_income": -39129000.0,
      "operating_expenses": 290980000.0,
      "sga_expenses": 155107000.0,
      "research_and_development": 135873000.0,
      "capital_expenditure": 601224000.0,
      "cash_and_marketable_securities": 2370735000.0
    },
    "2015_Q1": {
      "revenue": 939880000.0,
      "net_income": -154181000.0,
      "gross_profit": 260073000.0,
      "operating_income": -102446000.0,
      "operating_expenses": 362519000.0,
      "sga_expenses": 195365000.0,
      "research_and_development": 167154000.0,
      "capital_expenditure": 426060000.0,
      "cash_and_marketable_securities": 1510076000.0
    },
    "2015_Q2": {
      "revenue": 954976000.0,
      "net_income": -184227000.0,
      "gross_profit": 213370000.0,
      "operating_income": -170188000.0,
      "operating_expenses": 383558000.0,
      "sga_expenses": 201846000.0,
      "research_and_development": 181712000.0,
      "capital_expenditure": 831225000.0,
      "cash_and_marketable_securities": 1150673000.0
    },
    "2015_Q3": {
      "revenue": 936789000.0,
      "net_income": -229858000.0,
      "gross_profit": 231496000.0,
      "operating_income": -183662000.0,
      "operating_expenses": 415158000.0,
      "sga_expenses": 236367000.0,
      "research_and_development": 178791000.0,
      "capital_expenditure": 1223628000.0,
      "cash_and_marketable_securities": 1426036000.0
    },
    "2016_Q1": {
      "revenue": 1147048000.0,
      "net_income": -282267000.0,
      "gross_profit": 252468000.0,
      "operating_income": -248224000.0,
      "operating_expenses": 500692000.0,
      "sga_expenses": 318210000.0,
      "research_and_development": 182482000.0,
      "capital_expenditure": 216859000.0,
      "cash_and_marketable_securities": 1441789000.0
    },
    "2016_Q2": {
      "revenue": 1270017000.0,
      "net_income": -293188000.0,
      "gross_profit": 274776000.0,
      "operating_income": -238040000.0,
      "operating_expenses": 512816000.0,
      "sga_expenses": 321152000.0,
      "research_and_development": 191664000.0,
      "capital_expenditure": 511579000.0,
      "cash_and_marketable_securities": 3246301000.0
    },
    "2016_Q3": {
      "revenue": 2298436000.0,
      "net_income": 21878000.0,
      "gross_profit": 636735000.0,
      "operating_income": 85622000.0,
      "eps_basic": 0.15,
      "eps_diluted": 0.14,
      "operating_expenses": 551113000.0,
      "sga_expenses": 336811000.0,
      "research_and_development": 214302000.0,
      "capital_expenditure": 759190000.0,
      "cash_and_marketable_securities": 3084257000.0
    },
    "2017_Q1": {
      "revenue": 2696270000.0,
      "net_income": -330277000.0,
      "gross_profit": 667946000.0,
      "operating_income": -257549000.0,
      "operating_expenses": 925495000.0,
      "sga_expenses": 603455000.0,
      "research_and_development": 322040000.0,
      "capital_expenditure": 552624000.0,
      "cash_and_marketable_securities": 4006593000.0,
      "total_debt": 8520974000.0,
      "net_cash": -4514381000.0
    },
    "2017_Q2": {
      "revenue": 2789557000.0,
      "net_income": -336397000.0,
      "gross_profit": 666615000.0,
      "operating_income": -240916000.0,
      "operating_expenses": 907531000.0,
      "sga_expenses": 537757000.0,
      "research_and_development": 369774000.0,
      "capital_expenditure": 1511692000.0,
      "cash_and_marketable_securities": 3035924000.0,
      "total_debt": 8104869000.0,
      "net_cash": -5068945000.0
    },
    "2017_Q3": {
      "revenue": 2984675000.0,
      "net_income": -619376000.0,
      "gross_profit": 449140000.0,
      "operating_income": -535480000.0,
      "eps_basic": -3.7,
      "eps_diluted": -3.7,
      "operating_expenses": 984620000.0,
      "sga_expenses": 652998000.0,
      "research_and_development": 331622000.0,
      "capital_expenditure": 2628126000.0,
      "cash_and_marketable_securities": 3530030000.0,
      "total_debt": 9992421000.0,
      "net_cash": -6462391000.0
    },
    "2018_Q1": {
      "revenue": 3408751000.0,
      "net_income": -709551000.0,
      "gross_profit": 456526000.0,
      "operating_income": -596974000.0,
      "eps_basic": -4.19,
      "eps_diluted": -4.19,
      "operating_expenses": 1053500000.0,
      "sga_expenses": 686404000.0,
      "research_and_development": 367096000.0,
      "capital_expenditure": 655662000.0,
      "cash_and_marketable_securities": 2665673000.0,
      "total_debt": 10466044000.0,
      "net_cash": -7800371000.0
    },
    "2018_Q2": {
      "revenue": 4002231000.0,
      "net_income": -717539000.0,
      "gross_profit": 618930000.0,
      "operating_income": -621392000.0,
      "eps_basic": -4.22,
      "eps_diluted": -4.22,
      "operating_expenses": 1240322000.0,
      "sga_expenses": 750759000.0,
      "research_and_development": 386129000.0,
      "operating_cash_flow": -528040000.0,
      "capital_expenditure": 1265475000.0,
      "cash_and_marketable_securities": 2236424000.0,
      "total_debt": 10914361000.0,
      "net_cash": -8677937000.0,
      "free_cash_flow": -1793515000.0
    },
    "2018_Q3": {
      "revenue": 6824413000.0,
      "net_income": 311516000.0,
      "gross_profit": 1523665000.0,
      "operating_income": 416757000.0,
      "eps_basic": 1.82,
      "eps_diluted": 1.75,
      "operating_expenses": 1106908000.0,
      "sga_expenses": 729876000.0,
      "research_and_development": 350848000.0,
      "operating_cash_flow": 863241000.0,
      "capital_expenditure": 1775746000.0,
      "cash_and_marketable_securities": 2967504000.0,
      "total_debt": 10897018000.0,
      "net_cash": -7929514000.0,
      "free_cash_flow": -912505000.0
    },
    "2019_Q1": {
      "revenue": 4541464000.0,
      "net_income": -702135000.0,
      "gross_profit": 565743000.0,
      "operating_income": -521831000.0,
      "eps_basic": -4.1,
      "eps_diluted": -4.1,
      "operating_expenses": 1087574000.0,
      "sga_expenses": 703929000.0,
      "research_and_development": 340174000.0,
      "operating_cash_flow": -639606000.0,
      "capital_expenditure": 279932000.0,
      "cash_and_marketable_securities": 2198169000.0,
      "total_debt": 10325511000.0,
      "net_cash": -8127342000.0,
      "free_cash_flow": -919538000.0
    },
    "2019_Q2": {
      "revenue": 6349676000.0,
      "net_income": -408334000.0,
      "gross_profit": 921046000.0,
      "operating_income": -167458000.0,
      "eps_basic": -2.31,
      "eps_diluted": -2.31,
      "operating_expenses": 1088504000.0,
      "sga_expenses": 647261000.0,
      "research_and_development": 323898000.0,
      "operating_cash_flow": 224000000.0,
      "capital_expenditure": 529609000.0,
      "cash_and_marketable_securities": 4954740000.0,
      "total_debt": 12159689000.0,
      "net_cash": -7204949000.0,
      "free_cash_flow": -305609000.0
    },
    "2019_Q3": {
      "revenue": 6303000000.0,
      "net_income": 143000000.0,
      "gross_profit": 1191000000.0,
      "operating_income": 261000000.0,
      "eps_basic": 0.8,
      "eps_diluted": 0.78,
      "operating_expenses": 930000000.0,
      "sga_expenses": 596000000.0,
      "research_and_development": 334000000.0,
      "operating_cash_flow": 980000000.0,
      "capital_expenditure": 915000000.0,
      "cash_and_marketable_securities": 5338000000.0,
      "total_debt": 12475000000.0,
      "net_cash": -7137000000.0,
      "free_cash_flow": 65000000.0
    },
    "2020_Q1": {
      "revenue": 5985000000.0,
      "net_income": 16000000.0,
      "gross_profit": 1234000000.0,
      "operating_income": 283000000.0,
      "eps_basic": 0.09,
      "eps_diluted": 0.08,
      "operating_expenses": 951000000.0,
      "sga_expenses": 627000000.0,
      "research_and_development": 324000000.0,
      "operating_cash_flow": -440000000.0,
      "capital_expenditure": 455000000.0,
      "cash_and_marketable_securities": 8080000000.0,
      "total_debt": 12971000000.0,
      "net_cash": -4891000000.0,
      "free_cash_flow": -895000000.0
    },
    "2020_Q2": {
      "revenue": 6036000000.0,
      "net_income": 104000000.0,
      "gross_profit": 1267000000.0,
      "operating_income": 327000000.0,
      "eps_basic": 0.56,
      "eps_diluted": 0.5,
      "operating_expenses": 940000000.0,
      "sga_expenses": 661000000.0,
      "research_and_development": 279000000.0,
      "operating_cash_flow": 524000000.0,
      "capital_expenditure": 1001000000.0,
      "cash_and_marketable_securities": 8615000000.0,
      "total_debt": 13151000000.0,
      "net_cash": -4536000000.0,
      "free_cash_flow": -477000000.0
    },
    "2020_Q3": {
      "revenue": 8771000000.0,
      "net_income": 331000000.0,
      "gross_profit": 2063000000.0,
      "operating_income": 809000000.0,
      "eps_basic": 0.32,
      "eps_diluted": 0.27,
      "operating_expenses": 1254000000.0,
      "sga_expenses": 888000000.0,
      "research_and_development": 366000000.0,
      "operating_cash_flow": 2924000000.0,
      "capital_expenditure": 2006000000.0,
      "cash_and_marketable_securities": 14531000000.0,
      "total_debt": 12728000000.0,
      "net_cash": 1803000000.0,
      "free_cash_flow": 918000000.0
    },
    "2021_Q1": {
      "revenue": 10389000000.0,
      "net_income": 438000000.0,
      "gross_profit": 2215000000.0,
      "operating_income": 594000000.0,
      "eps_basic": 0.46,
      "eps_diluted": 0.39,
      "operating_expenses": 1621000000.0,
      "sga_expenses": 1056000000.0,
      "research_and_development": 666000000.0,
      "operating_cash_flow": 1641000000.0,
      "capital_expenditure": 1348000000.0,
      "cash_and_marketable_securities": 17141000000.0,
      "total_debt": 9515000000.0,
      "net_cash": 7626000000.0,
      "free_cash_flow": 293000000.0
    },
    "2021_Q2": {
      "revenue": 11958000000.0,
      "net_income": 1142000000.0,
      "gross_profit": 2884000000.0,
      "operating_income": 1312000000.0,
      "eps_basic": 1.18,
      "eps_diluted": 1.02,
      "operating_expenses": 1572000000.0,
      "sga_expenses": 973000000.0,
      "research_and_development": 576000000.0,
      "operating_cash_flow": 3765000000.0,
      "capital_expenditure": 2853000000.0,
      "cash_and_marketable_securities": 16229000000.0,
      "total_debt": 8029000000.0,
      "net_cash": 8200000000.0,
      "free_cash_flow": 912000000.0
    },
    "2021_Q3": {
      "revenue": 13757000000.0,
      "net_income": 1618000000.0,
      "gross_profit": 3660000000.0,
      "operating_income": 2004000000.0,
      "eps_basic": 1.62,
      "eps_diluted": 1.44,
      "operating_expenses": 1656000000.0,
      "sga_expenses": 994000000.0,
      "research_and_development": 611000000.0,
      "operating_cash_flow": 6912000000.0,
      "capital_expenditure": 4672000000.0,
      "cash_and_marketable_securities": 16065000000.0,
      "total_debt": 6702000000.0,
      "net_cash": 9363000000.0,
      "free_cash_flow": 2240000000.0
    },
    "2022_Q1": {
      "revenue": 18756000000.0,
      "net_income": 3318000000.0,
      "gross_profit": 5460000000.0,
      "operating_income": 3603000000.0,
      "eps_basic": 3.2,
      "eps_diluted": 2.86,
      "operating_expenses": 1857000000.0,
      "sga_expenses": 992000000.0,
      "research_and_development": 865000000.0,
      "operating_cash_flow": 3995000000.0,
      "capital_expenditure": 1767000000.0,
      "cash_and_marketable_securities": 17505000000.0,
      "total_debt": 3451000000.0,
      "net_cash": 14054000000.0,
      "free_cash_flow": 2228000000.0
    },
    "2022_Q2": {
      "revenue": 16934000000.0,
      "net_income": 2259000000.0,
      "gross_profit": 4234000000.0,
      "operating_income": 2464000000.0,
      "eps_basic": 2.18,
      "eps_diluted": 1.95,
      "operating_expenses": 1770000000.0,
      "sga_expenses": 961000000.0,
      "research_and_development": 667000000.0,
      "operating_cash_flow": 6346000000.0,
      "capital_expenditure": 3497000000.0,
      "cash_and_marketable_securities": 18324000000.0,
      "total_debt": 3180000000.0,
      "net_cash": 15144000000.0,
      "free_cash_flow": 2849000000.0
    },
    "2022_Q3": {
      "revenue": 21454000000.0,
      "net_income": 3292000000.0,
      "gross_profit": 5382000000.0,
      "operating_income": 3688000000.0,
      "eps_basic": 1.05,
      "eps_diluted": 0.95,
      "operating_expenses": 1694000000.0,
      "sga_expenses": 961000000.0,
      "research_and_development": 733000000.0,
      "operating_cash_flow": 11446000000.0,
      "capital_expenditure": 5300000000.0,
      "cash_and_marketable_securities": 19532000000.0,
      "total_debt": 2414000000.0,
      "net_cash": 17118000000.0,
      "free_cash_flow": 6146000000.0
    },
    "2023_Q1": {
      "revenue": 23329000000.0,
      "net_income": 2513000000.0,
      "gross_profit": 4511000000.0,
      "operating_income": 2664000000.0,
      "eps_basic": 0.8,
      "eps_diluted": 0.73,
      "operating_expenses": 1847000000.0,
      "sga_expenses": 1076000000.0,
      "research_and_development": 771000000.0,
      "operating_cash_flow": 2513000000.0,
      "capital_expenditure": 2072000000.0,
      "cash_and_marketable_securities": 22402000000.0,
      "total_debt": 1766000000.0,
      "net_cash": 20636000000.0,
      "free_cash_flow": 441000000.0
    },
    "2023_Q2": {
      "revenue": 24927000000.0,
      "net_income": 2703000000.0,
      "gross_profit": 4533000000.0,
      "operating_income": 2399000000.0,
      "eps_basic": 0.85,
      "eps_diluted": 0.78,
      "operating_expenses": 2134000000.0,
      "sga_expenses": 1191000000.0,
      "research_and_development": 943000000.0,
      "operating_cash_flow": 5578000000.0,
      "capital_expenditure": 4132000000.0,
      "cash_and_marketable_securities": 23075000000.0,
      "total_debt": 1534000000.0,
      "net_cash": 21541000000.0,
      "free_cash_flow": 1446000000.0
    },
    "2023_Q3": {
      "revenue": 23350000000.0,
      "net_income": 1853000000.0,
      "gross_profit": 4178000000.0,
      "operating_income": 1764000000.0,
      "eps_basic": 0.58,
      "eps_diluted": 0.53,
      "operating_expenses": 2414000000.0,
      "sga_expenses": 1253000000.0,
      "research_and_development": 1161000000.0,
      "operating_cash_flow": 8886000000.0,
      "capital_expenditure": 6592000000.0,
      "cash_and_marketable_securities": 26077000000.0,
      "total_debt": 3726000000.0,
      "net_cash": 22351000000.0,
      "free_cash_flow": 2294000000.0
    },
    "2024_Q1": {
      "revenue": 21301000000.0,
      "net_income": 1129000000.0,
      "gross_profit": 3696000000.0,
      "operating_income": 1171000000.0,
      "eps_basic": 0.37,
      "eps_diluted": 0.34,
      "operating_expenses": 2525000000.0,
      "sga_expenses": 1374000000.0,
      "research_and_development": 1151000000.0,
      "operating_cash_flow": 242000000.0,
      "capital_expenditure": 2773000000.0,
      "cash_and_marketable_securities": 26863000000.0,
      "total_debt": 4900000000.0,
      "net_cash": 21963000000.0,
      "free_cash_flow": -2531000000.0
    },
    "2024_Q2": {
      "revenue": 25500000000.0,
      "net_income": 1478000000.0,
      "gross_profit": 4578000000.0,
      "operating_income": 1605000000.0,
      "eps_basic": 0.46,
      "eps_diluted": 0.42,
      "operating_expenses": 2973000000.0,
      "sga_expenses": 1277000000.0,
      "research_and_development": 1074000000.0,
      "operating_cash_flow": 3854000000.0,
      "capital_expenditure": 5043000000.0,
      "cash_and_marketable_securities": 30720000000.0,
      "total_debt": 7387000000.0,
      "net_cash": 23333000000.0,
      "free_cash_flow": -1189000000.0
    },
    "2024_Q3": {
      "revenue": 25182000000.0,
      "net_income": 2167000000.0,
      "gross_profit": 4997000000.0,
      "operating_income": 2717000000.0,
      "eps_basic": 0.68,
      "eps_diluted": 0.62,
      "operating_expenses": 2280000000.0,
      "sga_expenses": 1186000000.0,
      "research_and_development": 1039000000.0,
      "operating_cash_flow": 10109000000.0,
      "capital_expenditure": 8556000000.0,
      "cash_and_marketable_securities": 33648000000.0,
      "total_debt": 7415000000.0,
      "net_cash": 26233000000.0,
      "free_cash_flow": 1553000000.0
    },
    "2025_Q1": {
      "revenue": 19335000000.0,
      "net_income": 409000000.0,
      "gross_profit": 3153000000.0,
      "operating_income": 399000000.0,
      "eps_basic": 0.13,
      "eps_diluted": 0.12,
      "operating_expenses": 2754000000.0,
      "sga_expenses": 1251000000.0,
      "research_and_development": 1409000000.0,
      "operating_cash_flow": 2156000000.0,
      "capital_expenditure": 1492000000.0,
      "cash_and_marketable_securities": 36996000000.0,
      "total_debt": 7268000000.0,
      "net_cash": 29728000000.0,
      "free_cash_flow": 664000000.0
    },
    "2025_Q2": {
      "revenue": 22496000000.0,
      "net_income": 1172000000.0,
      "gross_profit": 3878000000.0,
      "operating_income": 923000000.0,
      "eps_basic": 0.36,
      "eps_diluted": 0.33,
      "operating_expenses": 2955000000.0,
      "sga_expenses": 1366000000.0,
      "research_and_development": 1589000000.0,
      "operating_cash_flow": 4696000000.0,
      "capital_expenditure": 3886000000.0,
      "cash_and_marketable_securities": 36782000000.0,
      "total_debt": 6979000000.0,
      "net_cash": 29803000000.0,
      "free_cash_flow": 810000000.0
    },
    "2025_Q3": {
      "revenue": 28095000000.0,
      "net_income": 1373000000.0,
      "gross_profit": 5054000000.0,
      "operating_income": 1624000000.0,
      "eps_basic": 0.43,
      "eps_diluted": 0.39,
      "operating_expenses": 3430000000.0,
      "sga_expenses": 1562000000.0,
      "research_and_development": 1630000000.0,
      "operating_cash_flow": 10934000000.0,
      "capital_expenditure": 6134000000.0,
      "cash_and_marketable_securities": 41647000000.0,
      "total_debt": 7485000000.0,
      "net_cash": 34162000000.0,
      "free_cash_flow": 4800000000.0
    },
    "2016_Q4": {
      "revenue": -2430870000.0,
      "net_income": 432240000.0,
      "gross_profit": -728701000.0,
      "operating_income": -266698000.0,
      "operating_expenses": 701976000.0,
      "sga_expenses": 456016000.0,
      "research_and_development": 245960000.0,
      "capital_expenditure": 206826000.0
    },
    "2017_Q4": {
      "revenue": -5182253000.0,
      "net_income": 610700000.0,
      "gross_profit": -1344915000.0,
      "operating_income": -598141000.0,
      "operating_expenses": 1036927000.0,
      "sga_expenses": 682290000.0,
      "research_and_development": 354637000.0,
      "capital_expenditure": 1277628000.0
    },
    "2018_Q4": {
      "revenue": -7009522000.0,
      "net_income": 1255057000.0,
      "gross_profit": -1156221000.0,
      "operating_income": 413536000.0,
      "eps_basic": 0.8700000000000001,
      "eps_diluted": 0.9400000000000004,
      "operating_expenses": 1029364000.0,
      "sga_expenses": 667452000.0,
      "research_and_development": 356297000.0,
      "capital_expenditure": 1596159000.0
    },
    "2019_Q4": {
      "revenue": -9810140000.0,
      "net_income": 1072469000.0,
      "gross_profit": -1286789000.0,
      "operating_income": 359289000.0,
      "eps_basic": 0.6900000000000004,
      "eps_diluted": 0.71,
      "operating_expenses": 1031922000.0,
      "sga_expenses": 698810000.0,
      "research_and_development": 344928000.0,
      "operating_cash_flow": 1840606000.0,
      "capital_expenditure": 397541000.0,
      "free_cash_flow": 1443065000.0
    },
    "2020_Q4": {
      "revenue": -10048000000.0,
      "net_income": -181000000.0,
      "gross_profit": -2498000000.0,
      "operating_income": 575000000.0,
      "eps_basic": -0.22999999999999998,
      "eps_diluted": -0.20999999999999996,
      "operating_expenses": 1491000000.0,
      "sga_expenses": 969000000.0,
      "research_and_development": 522000000.0,
      "operating_cash_flow": 2935000000.0,
      "capital_expenditure": 305000000.0,
      "free_cash_flow": 2630000000.0
    },
    "2021_Q4": {
      "revenue": 17719000000.0,
      "net_income": 2321000000.0,
      "gross_profit": 4847000000.0,
      "operating_income": 2613000000.0,
      "eps_basic": 2.34,
      "eps_diluted": 2.0500000000000003,
      "operating_expenses": 2234000000.0,
      "sga_expenses": 1494000000.0,
      "research_and_development": 740000000.0,
      "operating_cash_flow": -821000000.0,
      "capital_expenditure": 2391000000.0,
      "free_cash_flow": -3212000000.0
    },
    "2022_Q4": {
      "revenue": 24318000000.0,
      "net_income": 3687000000.0,
      "gross_profit": 5777000000.0,
      "operating_income": 3901000000.0,
      "eps_basic": -2.410000000000001,
      "eps_diluted": -2.1399999999999997,
      "operating_expenses": 1876000000.0,
      "sga_expenses": 1032000000.0,
      "research_and_development": 810000000.0,
      "operating_cash_flow": -7063000000.0,
      "capital_expenditure": 3406000000.0,
      "free_cash_flow": -10469000000.0
    },
    "2023_Q4": {
      "revenue": 25167000000.0,
      "net_income": 7928000000.0,
      "gross_profit": 4438000000.0,
      "operating_income": 2064000000.0,
      "eps_basic": 2.5000000000000004,
      "eps_diluted": 2.26,
      "operating_expenses": 2374000000.0,
      "sga_expenses": 1280000000.0,
      "research_and_development": 1094000000.0,
      "operating_cash_flow": -3721000000.0,
      "capital_expenditure": 3898000000.0,
      "free_cash_flow": -7619000000.0
    },
    "2024_Q4": {
      "revenue": 25707000000.0,
      "net_income": -2607000000.0,
      "gross_profit": 4179000000.0,
      "operating_income": 1583000000.0,
      "eps_basic": -0.8300000000000002,
      "eps_diluted": -0.7599999999999999,
      "operating_expenses": 2596000000.0,
      "sga_expenses": 1313000000.0,
      "research_and_development": 1276000000.0,
      "operating_cash_flow": 718000000.0,
      "capital_expenditure": 5033000000.0,
      "free_cash_flow": -4315000000.0
    },
    "2025_Q4": {
      "revenue": 24901000000.0,
      "net_income": 840000000.0,
      "gross_profit": 5009000000.0,
      "operating_income": 1409000000.0,
      "eps_basic": 0.26,
      "eps_diluted": 0.24,
      "operating_expenses": 3600000000.0,
      "sga_expenses": 1655000000.0,
      "research_and_development": 1783000000.0,
      "operating_cash_flow": -3039000000.0,
      "capital_expenditure": 2985000000.0,
      "free_cash_flow": -6024000000.0
    },
    "2012_Q4": {
      "revenue": 199408000.0,
      "net_income": 216348000.0,
      "gross_profit": 17646000.0,
      "operating_income": -90885000.0,
      "operating_expenses": 114741000.0,
      "sga_expenses": 45909000.0,
      "research_and_development": 68832000.0,
      "operating_cash_flow": 101094000.0,
      "capital_expenditure": 155777000.0,
      "free_cash_flow": -54683000.0
    },
    "2013_Q4": {
      "revenue": -783058000.0,
      "net_income": 41486000.0,
      "gross_profit": -143081000.0,
      "operating_income": -13353000.0,
      "operating_expenses": 169944000.0,
      "sga_expenses": 101490000.0,
      "research_and_development": 68454000.0,
      "operating_cash_flow": 39797000.0,
      "capital_expenditure": 66535000.0,
      "free_cash_flow": -26738000.0
    },
    "2014_Q4": {
      "revenue": -1285034000.0,
      "net_income": 78778000.0,
      "gross_profit": -358277000.0,
      "operating_income": -74840000.0,
      "operating_expenses": 336537000.0,
      "sga_expenses": 196971000.0,
      "research_and_development": 139566000.0,
      "capital_expenditure": 89752000.0
    },
    "2015_Q4": {
      "revenue": -1617266000.0,
      "net_income": 247869000.0,
      "gross_profit": -486375000.0,
      "operating_income": -260333000.0,
      "operating_expenses": 478897000.0,
      "sga_expenses": 288654000.0,
      "research_and_development": 190243000.0,
      "capital_expenditure": 846063000.0
    }
  }
}